@book{cudatoolkit,
  author    = {Nvidia},
  title     = {CUDA Toolkit 5.0 (https://developer.nvidia.com/cuda-toolkit-50-archive)},
  year      = {2019},
  publisher = {Nvidia Corporation}
}

@book{gpuverifytests,
  author    = {GPUVerify},
  title     = {GPUVerify Test Suite (https://github.com/mc-imperial/gpuverify/tree/master/testsuite)},
  year      = {2020},
  publisher = {GPUVerify}
}
